<?xml version="1.0" encoding="UTF-8"?><collection xmlns="http://www.loc.gov/MARC21/slim"><record><leader>00280nam--2200109-i-4500</leader><controlfield tag="001">000032037</controlfield><controlfield tag="002">20161230</controlfield><controlfield tag="005">20161230201039</controlfield><controlfield tag="008">060222s1000------------r-----000-0-eng-d</controlfield><datafield ind1=" " ind2=" " tag="245"><subfield code="a">Messen, steuern, regeln</subfield></datafield><datafield ind1=" " ind2=" " tag="260"><subfield code="a">Berlin, Deutsche Export-und Impotgesellschaft. 1959</subfield></datafield><datafield ind1=" " ind2=" " tag="852"><subfield code="a">D.2061</subfield></datafield></record></collection>